@misc{enwiki:1275860580,
  author = {{Wikipedia contributors}},
  title  = {HammerDB --- {Wikipedia}{,} The Free Encyclopedia},
  year   = {2025},
  url    = {https://en.wikipedia.org/w/index.php?title=HammerDB&oldid=1275860580},
  note   = {[Online; accessed 25-May-2025]}
}